@Manual{citer,
  title = {R: A Language and Environment for Statistical Computing},
  author = {{R Core Team}},
  organization = {R Foundation for Statistical Computing},
  address = {Vienna, Austria},
  year = {2021},
  url = {https://www.R-project.org/},
}

@Manual{smcure,
  title = {smcure: Fit Semiparametric Mixture Cure Models},
  author = {Chao Cai, Yubo Zou, Yingwei Peng and Jiajia Zhang},
  year = {2022},
  note = {R package version 2.1},
  url = {https://CRAN.R-project.org/package=smcure},
}

@article{survival,
   author = {Terry M Therneau},
   month = {8},
   publisher = {Comprehensive R Archive Network (CRAN)},
   title = {Survival Analysis [R package survival version 3.4-0]},
   url = {https://CRAN.R-project.org/package=survival},
   year = {2022},
}


@article{kaplan,
  title={Nonparametric estimation from incomplete observations},
  author={Kaplan, Edward L and Meier, Paul},
  journal={Journal of the American Statistical Association},
  volume={53},
  number={282},
  pages={457--481},
  year={1958},
  publisher={Taylor \& Francis}
}


@misc{OMS_zoonoses,
booktitle = {World Health Organization},
keywords = {zoonoses},
month = {Jul},
title = {{OMS}},
url = {https://www.who.int/news-room/fact-sheets/detail/zoonoses},
urldate = {2020-07-29},
year = {2020}
}


@misc{sbmt,
booktitle = {Sociedade Brasileira de Medicina Tropical},
keywords = {zoonoses},
month = {Jul},
title = {{SBMT}},
url = {https://www.sbmt.org.br/portal/hantavirus-pathology-of-low-prevalence-and-high-mortality/},
urldate = {2019-07-05},
year = {2019}
}

@article{Para2018,
   abstract = {Resumo Objetivo: descrever a magnitude e a distribuicao temporal e espacial dos casos e obitos por hantavirose no Brasil},
   author = {Stefan Vilges De Oliveira and Elisabeth Carmen Duarte},
   doi = {10.5123/S1679-49742018000200011},
   issue = {2},
   journal = {Epidemiol. Serv. Saude},
   keywords = {Epidemiologia Descritiva,hantavirose,Zoonoses},
   pages = {11},
   title = {Magnitude and distribution of deaths due to hantavirus in Brazil, 2007-2015},
   volume = {27},
   year = {2018},
}

@misc{bbc,
booktitle = {BBC News Brasil},
keywords = {hantavirose},
month = {May},
title = {{BBC}},
url = {https://www.bbc.com/portuguese/brasil-57245848},
urldate = {2021-05-26},
year = {2021}
}

@article{cureModels,
   abstract = {Cure models have been developed to analyze failure time data with a cured fraction},
   author = {Fabien Corbiere and Pierre Joly},
   doi = {10.1016/J.CMPB.2006.10.008},
   issn = {01692607},
   issue = {2},
   journal = {Computer Methods and Programs in Biomedicine},
   keywords = {Cure models,EM algorithm,Parametric and semiparametric models,SAS macro,Survival analysis},
   pages = {173-180},
   pmid = {17157948},
   publisher = {Elsevier Ireland Ltd},
   title = {A SAS macro for parametric and semiparametric mixture cure models},
   volume = {85},
   url = {https://www.researchgate.net/publication/6641628_A_SAS_macro_for_parametric_and_semiparametric_mixture_cure_models},
   year = {2007},
}





